@inproceedings{cho2014learning,
    title = "Learning Phrase Representations using {RNN} Encoder{--}Decoder for Statistical Machine Translation",
    author = {Cho, Kyunghyun  and
      van Merri{\"e}nboer, Bart  and
      Gulcehre, Caglar  and
      Bahdanau, Dzmitry  and
      Bougares, Fethi  and
      Schwenk, Holger  and
      Bengio, Yoshua},
    booktitle = "Proceedings of the 2014 Conference on Empirical Methods in Natural Language Processing ({EMNLP})",
    month = oct,
    year = "2014",
    address = "Doha, Qatar",
    publisher = "ACL",
    doi = "10.3115/v1/D14-1179",
    pages = "1724--1734",
}

@article{hochreiter1997long,
  title={Long short-term memory},
  author={Hochreiter, Sepp and Schmidhuber, J{\"u}rgen},
  journal={Neural computation},
  volume={9},
  number={8},
  pages={1735--1780},
  year={1997},
  publisher={MIT Press}
}


@inproceedings{clevert2015fast,
  title={Fast and Accurate Deep Network Learning by Exponential Linear Units (ELUs)},
  author={Djork-Arn{\'e} Clevert and Thomas Unterthiner and Sepp Hochreiter},
  booktitle={Proceedings of the 2015 International Conference on Learning Representations},
  year={2015},
  volume={abs/1511.07289}
}

@inproceedings{glorot2010understanding,
  title={Understanding the difficulty of training deep feedforward neural networks},
  author={Glorot, Xavier and Bengio, Yoshua},
  booktitle={Proceedings of the thirteenth international conference on artificial intelligence and statistics},
  pages={249--256},
  year={2010}
}

@inproceedings{kinga2015method,
  title={A method for stochastic optimization},
  author={Kinga, D and Adam, J Ba},
  booktitle={International Conference on Learning Representations},
  volume={5},
  year={2015}
}
